@preamble{ " \newcommand{\noopsort}[1]{} "
         # " \newcommand{\bibstar}{\textsuperscript{*}} " }

@book{montgomery,
  title={Applied Statistics and Probability for Engineers},
  author={Montgomery, Douglas C. and Runger, George C.},
  year={2003},
  publisher={John Wiley \& Sons}
}

@book{ross,
  title={Introduction to Probability Models},
  author={Ross, Sheldon M.},
  year={2010},
  publisher={Elsevier Inc.}
}

@book{yang,
  title={Nature-Inspired Metaheuristic Algorithms},
  author={Yang, Xin-She},
  year={2010},
  publisher={Luniver Press}
}

@book{alligood,
  title={Chaos: An Introduction to Dynamical Systems},
  author={Alligood, Kathleen T. and Sauer, Tim D. and Yorke, James A.},
  year={1996},
  publisher={Springer}
}

@article{yang2,
    author = {Yang, Xin-She},
    year = {2013},
    month = {03},
    pages = {},
    title = {{Efficiency Analysis of Swarm Intelligence and Randomization Techniques}},
    volume = {9},
    journal = {Journal of Computational and Theoretical Nanoscience}
}

@article{fister,
    author = {Fister, Iztok and Yang, Xin-She and Brest, Janez and Fister, Dušan and Fister jr, Iztok},
    year = {2015},
    month = {01},
    pages = {36-49},
    title = {Analysis of randomisation methods in swarm intelligence},
    volume = {7},
    journal = {International Journal of Bio-Inspired Computation}
}

@article{mirjalili,
    author = {Mirjalili, Seyedali},
    year = {2016},
    month = {01},
    pages = {},
    title = {SCA: A Sine Cosine Algorithm for Solving Optimization Problems},
    volume = {96},
    journal = {Knowledge-Based Systems},    
    doi = {10.1016/j.knosys.2015.12.022}
}

@inproceedings{brest,
    author={Brest, J. and Zumer, V. and Maucec, M. S.},
    booktitle={2006 IEEE International Conference on Evolutionary Computation},
    title={Self-Adaptive Differential Evolution Algorithm in Constrained Real-Parameter Optimization},
    year={2006},
    volume={},
    number={},
    pages={215-222},
    doi={10.1109/CEC.2006.1688311},
    ISSN={1089-778X},
    month={July}
}

@article{jana,
    author = {Jana, Nanda and Sil, Jaya and Das, Swagatam},
    year = {2018},
    month = {10},
    pages = {},
    title = {Continuous fitness landscape analysis using a chaos-based random walk algorithm},
    journal = {Soft Computing},
    doi = {10.1007/s00500-016-2397-2}
}

@article{caponetto,
    author={Caponetto, R. and Fortuna, L. and Fazzino, S. and Xibilia, M. G.},
    journal={IEEE Transactions on Evolutionary Computation},
    title={Chaotic sequences to improve the performance of evolutionary algorithms},
    year={2003},
    volume={7},
    number={3},
    pages={289-304},
    doi={10.1109/TEVC.2003.810069},
    ISSN={1089-778X},
    month={June}
}

@article{jamil,
    author = {Jamil, Momin and Yang, Xin-She},
    year = {2013},
    month = {08},
    pages = {},
    title = {A Literature Survey of Benchmark Functions For Global Optimization Problems},
    volume = {4},
    journal = {Int. J. of Mathematical Modelling and Numerical Optimisation},
    doi = {10.1504/IJMMNO.2013.055204}
}

@InProceedings{thomsen,
    author={J. Vesterstrom and R. Thomsen},
    booktitle={Proceedings of the 2004 Congress on Evolutionary Computation},
    title={A comparative study of differential evolution, particle swarm optimization, and evolutionary algorithms on numerical benchmark problems},
    year={2004},
    volume={2},
    pages={1980-1987},
    doi={10.1109/CEC.2004.1331139},
    month={June}
}

@inproceedings{senkerik,
    author = {Senkerik, Roman and Viktorin, Adam and Pluhacek, Michal and Kadavy, Tomas and Kominkova Oplatkova, Zuzana},
    year = {2018},
    month = {06},
    pages = {1-5},
    title = {Differential Evolution and Chaotic Series},
    doi = {10.1109/IWSSIP.2018.8439199}
}

@article{zhang,
    author={Zhang, J. and Sanderson, A. C.},
    journal={IEEE Transactions on Evolutionary Computation},
    title={JADE: Adaptive Differential Evolution With Optional External Archive},
    year={2009},
    volume={13},
    number={5},
    pages={945-958},
    doi={10.1109/TEVC.2009.2014613},
    ISSN={1089-778X},
    month={Oct}
}

@inproceedings{tanabe,
    author={Tanabe, R. and Fukunaga, A.},
    booktitle={2013 IEEE Congress on Evolutionary Computation},
    title={Success-history based parameter adaptation for Differential Evolution},
    year={2013},
    volume={},
    number={},
    pages={71-78},
    doi={10.1109/CEC.2013.6557555},
    ISSN={1089-778X},
    month={June}
}

@article{petersen,
    title = "Guidelines for conducting systematic mapping studies in software engineering: An update",
    journal = "Information and Software Technology",
    volume = "64",
    pages = "1 - 18",
    year = "2015",
    issn = "0950-5849",
    doi = "https://doi.org/10.1016/j.infsof.2015.03.007",
    author = "Petersen, Kai and Vakkalanka, Sairam and Kuzniarz, Ludwik",
}

@article{cattani,
   title = {Deterministic Chaos Theory: Basic Concepts},
   journal = {Revista Brasileira de Ensino de Física},
   author={Cattani, Mauro AND Caldas, Iber\~A\textordfemenine Luiz AND Souza, Silvio Luiz de AND Iarosz, Kelly Cristiane},
   ISSN = {1806-1117},
   volume = {39},
   year = {2017},
   month = {00},
   publisher = {Scielo},
   crossref = {10.1590/1806-9126-rbef-2016-0185},
}

@article{ali,
    title = "Synthesis of the $\beta$-distribution as an aid to stochastic global optimization",
    journal = "Computational Statistics & Data Analysis",
    volume = "52",
    number = "1",
    pages = "133 - 149",
    year = "2007",
    issn = "0167-9473",
    doi = "https://doi.org/10.1016/j.csda.2006.12.011",
    author = "M.M. Ali",
}

@article{sahib,
    title = "Improving bacterial foraging algorithm using non-uniform elimination-dispersal probability distribution",
    journal = "Alexandria Engineering Journal",
    volume = "57",
    number = "4",
    pages = "3341 - 3349",
    year = "2018",
    issn = "1110-0168",
    doi = "https://doi.org/10.1016/j.aej.2017.12.010",
    author = "Mouayad A. Sahib and Ahmed R. Abdulnabi and Marwan A. Mohammed",
}

@article{reese,
    title = "Random number generators in genetic algorithms for unconstrained and constrained optimization",
    journal = "Nonlinear Analysis: Theory, Methods & Applications",
    volume = "71",
    number = "12",
    pages = "e679 - e692",
    year = "2009",
    issn = "0362-546X",
    doi = "https://doi.org/10.1016/j.na.2008.11.084",
    author = "Reese, Andrea",
}

@inproceedings{morrison,
    author = {Morrison, Ronald W. and De Jong, Kenneth},
    year = {2001},
    month = {10},
    pages = {31-41},
    title = {Measurement of Population Diversity},
    volume = {2310},
    journal = {LNCS},
    doi = {10.1007/3-540-46033-0_3}
}

@article{qu,
    author = {Qu, Chiwen and Zeng, Zhiliu and Dai, Jun and Yi, Zhongjun and He, Wei},
    year = {2018},
    month = {07},
    pages = {1-19},
    title = {A Modified Sine-Cosine Algorithm Based on Neighborhood Search and Greedy Levy Mutation},
    volume = {2018},
    journal = {Computational Intelligence and Neuroscience},
    doi = {10.1155/2018/4231647}
}

@inproceedings{parpinelli,
    author = {Parpinelli, Rafael and Lopes, Heitor},
    year = {2013},
    month = {10},
    pages = {64-69},
    title = {An Ecology-Based Evolutionary Algorithm Applied to the 2D-AB Off-Lattice Protein Structure Prediction Problem},
    journal = {Proceedings - 2013 Brazilian Conference on Intelligent Systems, BRACIS 2013},
    doi = {10.1109/BRACIS.2013.19}
}

@article{jana2,
    title = "Selection of appropriate metaheuristic algorithms for protein structure prediction in AB off-lattice model: a perspective from fitness landscape analysis",
    journal = "Information Sciences",
    volume = "391-392",
    pages = "28 - 64",  
    year = "2017",
    issn = "0020-0255",
    doi = "https://doi.org/10.1016/j.ins.2017.01.020",
    author = "Nanda Dulal Jana and Jaya Sil and Swagatam Das",
}

@article{kundu,
    author = {Kundu, Souvik and Biswas, Subhodip and Das, Swagatam and Suganthan, Ponnuthurai},
    year = {2013},
    month = {07},
    pages = {},
    title = {Crowding-based local differential evolution with speciation-based memory archive for dynamic multimodal optimization},
    isbn = {978-1-4503-1963-8},
    journal = {GECCO 2013 - Proceedings of the 2013 Genetic and Evolutionary Computation Conference},
    doi = {10.1145/2463372.2463392}
}

@book{jana4,
  title={A Metaheuristic Approach to Protein Structure Prediction: Algorithms and Insights from Fitness Landscape Analysis},
  author={Nanda Dulal Jana and Swagatam Das and Jaya Sil},
  year={2018},
  publisher={Springer}
}

@article{kim,
    author = {Kim, Seung-Yeon and Lee, Sang and Lee, Jooyoung},
    year = {2005},
    month = {08},
    title = {Structure optimization by conformational space annealing in an off-lattice protein model},
    volume = {72},
    journal = {Physical review. E, Statistical, nonlinear, and soft matter physics},
    doi = {10.1103/PhysRevE.72.011916}
}

@article{liu,
    author = {Liu, Jingfa and Xue, Shengjun and Chen, Duanbing and Huantong, Geng and Liu, Zhaoxia},
    year = {2009},
    month = {09},
    pages = {245-53},
    title = {Structure optimization of the two-dimensional off-lattice hydrophobic-hydrophilic model},
    volume = {35},
    journal = {Journal of biological physics},
    doi = {10.1007/s10867-009-9152-1}
}

@inproceedings{xiaolong,
    author = {Zhang, Xiaolong and Li, Tingting},
    year = {2007},
    month = {08},
    pages = {53 - 56},
    title = {Improved Particle Swarm Optimization Algorithm for 2D Protein Folding Prediction},
    isbn = {1-4244-1120-3},
    journal = {2007 1st International Conference on Bioinformatics and Biomedical Engineering, ICBBE},
    doi = {10.1109/ICBBE.2007.17}
}

@incollection{rudin,
    title = "Chapter 1 - Introductory Concepts and Definitions",
    editor = "Alfred Rudin and Phillip Choi",
    booktitle = "The Elements of Polymer Science & Engineering (Third Edition)",
    publisher = "Academic Press",
    edition = "Third Edition",
    address = "Boston",
    pages = "1 - 62",
    year = "2013",
    isbn = "978-0-12-382178-2",
    doi = "https://doi.org/10.1016/B978-0-12-382178-2.00001-8",
    author = "Alfred Rudin and Phillip Choi"
}

% Artigos do Mapeamento Sistemático
@article{saxena,
    title = "$\beta$-Chaotic map enabled Grey Wolf Optimizer",
    journal = "Applied Soft Computing",
    volume = "75",
    pages = "84 - 105",
    year = "2019",
    issn = "1568-4946",
    doi = "https://doi.org/10.1016/j.asoc.2018.10.044",
    author = "Akash *Saxena and Rajesh Kumar and Swagatam Das",
}

@inproceedings{yu,
    author={*Yu, J. J. Q. and Lam, A. Y. S. and Li, V. O. K.},
    booktitle={2012 IEEE Congress on Evolutionary Computation},
    title={Real-coded chemical reaction optimization with different perturbation functions},
    year={2012},
    volume={},
    number={},
    pages={1-8},
    doi={10.1109/CEC.2012.6252925},
    ISSN={1089-778X},
    month={June}
}

@article{alireza,
    title = "A backtracking search algorithm combined with Burger's chaotic map for parameter estimation of PEMFC electrochemical model",
    journal = "International Journal of Hydrogen Energy",
    volume = "39",
    number = "21",
    pages = "11165 - 11174",
    year = "2014",
    issn = "0360-3199",
    doi = "https://doi.org/10.1016/j.ijhydene.2014.05.052",
    author = "*Askarzadeh, Alireza and Coelho, Leandro dos Santos",
}

@inproceedings{coelho,
    author={*Coelho, L. dos Santos and Bernert, D. L. de Andrade and Mariani, V. C.},
    booktitle={2011 IEEE Congress of Evolutionary Computation (CEC)},
    title={A chaotic firefly algorithm applied to reliability-redundancy optimization},
    year={2011},
    volume={},
    number={},
    pages={517-521},
    doi={10.1109/CEC.2011.5949662},
    ISSN={1941-0026},
    month={June}
}

@article{farshin,
    title = "A chaotic grey wolf controller allocator for Software Defined Mobile Network (SDMN) for 5th generation of cloud-based cellular systems (5G)",
    journal = "Computer Communications",
    volume = "108",
    pages = "94 - 109",
    year = "2017",
    issn = "0140-3664",
    doi = "https://doi.org/10.1016/j.comcom.2017.05.003",
    author = "*Farshin, Alireza and Sharifian, Saeed",
}

@article{liang,
    author={*Liang, H. and Liu, Y. and Shen, Y. and Li, F. and Man, Y.},
    journal={IEEE Transactions on Power Systems},
    title={A Hybrid Bat Algorithm for Economic Dispatch With Random Wind Power},
    year={2018},
    volume={33},
    number={5},
    pages={5052-5061},
    doi={10.1109/TPWRS.2018.2812711},
    ISSN={0885-8950},
    month={Sep.}
}

@inproceedings{lin,
    author={*Lin, Jiann-Horng and Li, Yu-Lin},
    booktitle={2012 IEEE International Conference on Computational Intelligence and Cybernetics (CyberneticsCom)},
    title={A metaheuristic optimization algorithm for unsupervised robotic learning},
    year={2012},
    volume={},
    number={},
    pages={113-117},
    doi={10.1109/CyberneticsCom.2012.6381629},
    ISSN={},
    month={July}
}

@article{coelho2,
    author={*Coelho, L. dos Santos and Bora, T. C. and Schauenburg, F. and Alotto, P.},
    journal={IEEE Transactions on Magnetics},
    title={A Multiobjective Firefly Approach Using Beta Probability Distribution for Electromagnetic Optimization Problems},
    year={2013},
    volume={49},
    number={5},
    pages={2085-2088},
    doi={10.1109/TMAG.2013.2238902},
    ISSN={0018-9464},
    month={May}
}

@article{saida,
    title = "A new quantum chaotic cuckoo search algorithm for data clustering",
    journal = "Expert Systems with Applications",
    volume = "96",
    pages = "358 - 372",
    year = "2017",
    issn = "0957-4174",
    doi = "https://doi.org/10.1016/j.eswa.2017.12.001",
    author = "*Boushaki, Saida Ishak and Kamel, Nadjet and Bendjeghaba, Omar",
}

@article{mortazavi,
    author="*Mortazavi, A. and Khamseh, A. Arshadi and Naderi, B.",
    title="A novel chaotic imperialist competitive algorithm for production and air transportation scheduling problems",
    journal="Neural Computing and Applications",
    year="2015",
    month="Oct",
    day="01",
    volume="26",
    number="7",
    pages="1709--1723",
    issn="1433-3058",
    doi="10.1007/s00521-015-1828-9",
}

@article{saxena2,
    author = {*Saxena, Akash and Shekhawat, Shalini and Kumar, Rajesh},
    year = {2018},
    month = {04},
    pages = {},
    title = {Application and Development of Enhanced Chaotic Grasshopper Optimization Algorithms},
    volume = {2018},
    journal = {Modelling and Simulation in Engineering, Hindawi},
    doi = {10.1155/2018/4945157}
}

@article{oliveira,
    author="*Oliveira, Josenalde
    and Oliveira, Paulo Moura
    and Boaventura-Cunha, Jos{\'e}
    and Pinho, Tatiana",
    title="Chaos-based grey wolf optimizer for higher order sliding mode position control of a robotic manipulator",
    journal="Nonlinear Dynamics",
    year="2017",
    month="Oct",
    day="01",
    volume="90",
    number="2",
    pages="1353--1362",
    issn="1573-269X",
    doi="10.1007/s11071-017-3731-7",
}

@article{gandomi,
    title = "Chaotic bat algorithm",
    journal = "Journal of Computational Science",
    volume = "5",
    number = "2",
    pages = "224 - 232",
    year = "2014",
    note = "Empowering Science through Computing + BioInspired Computing",
    issn = "1877-7503",
    doi = "https://doi.org/10.1016/j.jocs.2013.10.002",
    author = "*Gandomi, Amir H. and Yang, Xin-She",
}

@article{wang,
    author="*Wang, Gai-Ge
    and Deb, Suash
    and Gandomi, Amir H.
    and Zhang, Zhaojun
    and Alavi, Amir H.",
    title="Chaotic cuckoo search",
    journal="Soft Computing",
    year="2016",
    month="Sep",
    day="01",
    volume="20",
    number="9",
    pages="3349--3362",
}

@article{sayed,
    author="*Sayed, Gehad Ismail
    and Tharwat, Alaa
    and Hassanien, Aboul Ella",
    title="Chaotic dragonfly algorithm: an improved metaheuristic algorithm for feature selection",
    journal="Applied Intelligence",
    year="2019",
    month="Jan",
    day="01",
    volume="49",
    number="1",
    pages="188--205",
    issn="1573-7497",
    doi="10.1007/s10489-018-1261-8",
}

@inproceedings{coelho3,
    author={*Coelho, L. dos Santos and Klein, C. E. and Luvizotto, L. G. J. and Mariani, V. C.},
    booktitle={Eurocon 2013},
    title={Firefly approach optimized wavenets applied to multivariable identification of a thermal process},
    year={2013},
    volume={},
    number={},
    pages={2066-2071},
    doi={10.1109/EUROCON.2013.6625265},
    ISSN={},
    month={July},
}

@article{wood,
    title = "Hybrid cuckoo search optimization algorithms applied to complex wellbore trajectories aided by dynamic, chaos-enhanced, fat-tailed distribution sampling and metaheuristic profiling",
    journal = "Journal of Natural Gas Science and Engineering",
    volume = "34",
    pages = "236 - 252",
    year = "2016",
    issn = "1875-5100",
    doi = "https://doi.org/10.1016/j.jngse.2016.06.060",
    author = "David A. *Wood",
}

@article{chou,
    title = "Nature-inspired metaheuristic optimization in least squares support vector regression for obtaining bridge scour information",
    journal = "Information Sciences",
    volume = "399",
    pages = "64 - 80",
    year = "2017",
    issn = "0020-0255",
    doi = "https://doi.org/10.1016/j.ins.2017.02.051",
    author = "Jui-Sheng *Chou and Anh-Duc Pham",
}

@inproceedings{ahmed,
    author = {*Ahmed, Sobhi and Mafarja, Majdi and Faris, Hossam and Aljarah, Ibrahim},
    title = {Feature Selection Using Salp Swarm Algorithm with Chaos},
    booktitle = {Proceedings of the 2Nd International Conference on Intelligent Systems, Metaheuristics \& Swarm Intelligence},
    series = {ISMSI '18},
    year = {2018},
    isbn = {978-1-4503-6412-6},
    location = {Phuket, Thailand},
    pages = {65--69},
    numpages = {5},
    doi = {10.1145/3206185.3206198},
    publisher = {ACM},
    address = {New York, NY, USA},
} 

@inproceedings{coelho4,
    author = {*Coelho, Leandro and Klein, Carlos and Mariani, Viviana and Augusto Richter do Nascimento, Carlos and Askarzadeh, Alireza},
    year = {2018},
    month = {06},
    pages = {1107-1112},
    title = {Electromagnetic Optimization Based on Gaussian Crow Search Approach},
    doi = {10.1109/SPEEDAM.2018.8445209}
}

@article{gandomi2,
    title = "Firefly algorithm with chaos",
    journal = "Communications in Nonlinear Science and Numerical Simulation",
    volume = "18",
    number = "1",
    pages = "89 - 98",
    year = "2013",
    issn = "1007-5704",
    doi = "https://doi.org/10.1016/j.cnsns.2012.06.009",
    author = "A.H. *Gandomi and X.-S. Yang and S. Talatahari and A.H. Alavi",
}

@article{talahari,
    title = "Imperialist competitive algorithm combined with chaos for global optimization",
    journal = "Communications in Nonlinear Science and Numerical Simulation",
    volume = "17",
    number = "3",
    pages = "1312 - 1319",
    year = "2012",
    issn = "1007-5704",
    doi = "https://doi.org/10.1016/j.cnsns.2011.08.021",
    author = "S. *Talatahari and B. Farahmand Azar and R. Sheikholeslami and A.H. Gandomi",
}

@article{ayala,
    author={H. V. H. *Ayala and C. E. {Klein} and V. C. {Mariani} and L. D. S. {Coelho}},
    journal={IEEE Transactions on Magnetics},
    title={Multiobjective Symbiotic Search Algorithm Approaches for Electromagnetic Optimization},
    year={2017},
    volume={53},
    number={6},
    pages={1-4},
    doi={10.1109/TMAG.2017.2665350},
    ISSN={0018-9464},
    month={June}
}

@inproceedings{ayala2,
    author={H. V. H. *Ayala and E. H. de Vasconcelos {Segundo} and L. {Lebensztajn} and V. C. {Mariani} and L. dos Santos {Coelho}},
    booktitle={2016 IEEE Congress on Evolutionary Computation (CEC)},
    title={Multiobjective wind driven optimization approach applied to transformer design},
    year={2016},
    volume={},
    number={},
    pages={4642-4647},
    doi={10.1109/CEC.2016.7744382},
    ISSN={},
    month={July}
}

@article{ding,
    author = {*Ding, Tan and Chang, Li and Li, Chaoshun and Feng, Chen and Zhang, Nan},
    year = {2018},
    month = {09},
    pages = {2367},
    title = {A Mixed-Strategy-Based Whale Optimization Algorithm for Parameter Identification of Hydraulic Turbine Governing Systems with a Delayed Water Hammer Effect},
    volume = {11},
    journal = {Energies},
    doi = {10.3390/en11092367}
}

@article{feng,
    author="*Feng, Yanhong
    and Yang, Juan
    and Wu, Congcong
    and Lu, Mei
    and Zhao, Xiang-Jun",
    title="Solving 0--1 knapsack problems by chaotic monarch butterfly optimization algorithm with Gaussian mutation",
    journal="Memetic Computing",
    year="2018",
    month="Jun",
    day="01",
    volume="10",
    number="2",
    pages="135--150",
    issn="1865-9292",
    doi="10.1007/s12293-016-0211-4",
}

@inproceedings{ismail,
    author = {*Ismail, Boussaad and Nakib, Amir and Heliodore, Frederic and Poullain, Serge and Siarry, Patrick},
    year = {2013},
    month = {05},
    pages = {466-473},
    title = {Novel Levy Based Particle Swarm Optimization Algorithm for Electrical Power Grid},
    isbn = {978-0-7695-4979-8},
    journal = {Proceedings - IEEE 27th International Parallel and Distributed Processing Symposium Workshops and PhD Forum, IPDPSW 2013},
    doi = {10.1109/IPDPSW.2013.201}
}

@article{suresh,
    title = "Multilevel thresholding based on Chaotic Darwinian Particle Swarm Optimization for segmentation of satellite images",
    journal = "Applied Soft Computing",
    volume = "55",
    pages = "503 - 522",
    year = "2017",
    issn = "1568-4946",
    doi = "https://doi.org/10.1016/j.asoc.2017.02.005",
    author = "Shilpa *Suresh and Shyam Lal",
}

@article{kaveh,
    author="*Kaveh, A.
    and Dadras, A.
    and Montazeran, A. H.",
    title="Chaotic enhanced colliding bodies algorithms for size optimization of truss structures",
    journal="Acta Mechanica",
    year="2018",
    month="Jul",
    day="01",
    volume="229",
    number="7",
    pages="2883--2907",
    issn="1619-6937",
    doi="10.1007/s00707-018-2149-8",
}

@article{saeed,
    author="*Gholizadeh, Saeed
    and Baghchevan, Amir",
    title="Multi-objective seismic design optimization of steel frames by a chaotic meta-heuristic algorithm",
    journal="Engineering with Computers",
    year="2017",
    month="Oct",
    day="01",
    volume="33",
    number="4",
    pages="1045--1060",
    issn="1435-5663",
    doi="10.1007/s00366-017-0515-0",
}

@article{saeed2,
    author = {*Gholizadeh, S and Aligholizadeh, Vahid},
    year = {2019},
    month = {09},
    pages = {e1552},
    title = {Reliability-based optimum seismic design of RC frames by a metamodel and metaheuristics},
    volume = {28},
    journal = {The Structural Design of Tall and Special Buildings},
    doi = {10.1002/tal.1552}
}

@article{abro,
    author = {*Ghani Abro, Abdul and Mohamad-Saleh, Junita},
    year = {2014},
    month = {01},
    pages = {620-636},
    title = {Multiple-global-best guided artificial bee colony algorithm for induction motor parameter estimation},
    volume = {22},
    journal = {TURKISH JOURNAL OF ELECTRICAL ENGINEERING & COMPUTER SCIENCES},
    doi = {10.3906/elk-1209-23}
}

@article{jaddi,
    title = "Optimization of neural network model using modified bat-inspired algorithm",
    journal = "Applied Soft Computing",
    volume = "37",
    pages = "71 - 86",
    year = "2015",
    issn = "1568-4946",
    doi = "https://doi.org/10.1016/j.asoc.2015.08.002",
    author = "Najmeh Sadat *Jaddi and Salwani Abdullah and Abdul Razak Hamdan",
}

@article{mitic,
    title = "Chaotic fruit fly optimization algorithm",
    journal = "Knowledge-Based Systems",
    volume = "89",
    pages = "446 - 458",
    year = "2015",
    issn = "0950-7051",
    doi = "https://doi.org/10.1016/j.knosys.2015.08.010",
    author = "Marko *Miti{\'{c}} and Najdan Vuković and Milica Petrović and Zoran Miljković",
}

@article{mitic2,
    author="*Miti{\'{c}}, Marko
    and Vukovi{\'{c}}, Najdan
    and Petrovi{\'{c}}, Milica
    and Miljkovi{\'{c}}, Zoran",
    title="Chaotic metaheuristic algorithms for learning and reproduction of robot motion trajectories",
    journal="Neural Computing and Applications",
    year="2018",
    month="Aug",
    day="01",
    volume="30",
    number="4",
    pages="1065--1083",
    issn="1433-3058",
    doi="10.1007/s00521-016-2717-6",
}

@inproceedings{senserik2,
    author = {*Senkerik, Roman and Viktorin, Adam and Pluhacek, Michal and Kadavy, Tomas},
    year = {2018},
    month = {07},
    pages = {1-8},
    title = {On the Population Diversity for the Chaotic Differential Evolution},
    doi = {10.1109/CEC.2018.8477741}
}

@article{bingol,
    author="*Bingol, Harun
    and Alatas, Bilal",
    title="Chaotic League Championship Algorithms",
    journal="Arabian Journal for Science and Engineering",
    year="2016",
    month="Dec",
    day="01",
    volume="41",
    number="12",
    pages="5123--5147",
    issn="2191-4281",
    doi="10.1007/s13369-016-2200-9",
}

@article{turgut,
    title = "Design and economic investigation of shell and tube heat exchangers using Improved Intelligent Tuned Harmony Search algorithm",
    journal = "Ain Shams Engineering Journal",
    volume = "5",
    number = "4",
    pages = "1215 - 1231",
    year = "2014",
    issn = "2090-4479",
    doi = "https://doi.org/10.1016/j.asej.2014.05.007",
    author = "Oguz Emrah *Turgut and Mert Sinan Turgut and Mustafa Turhan Coban",
}

@article{chou2,
    title = "Evolutionary metaheuristic intelligence to simulate tensile loads in reinforcement for geosynthetic-reinforced soil structures",
    journal = "Computers and Geotechnics",
    volume = "66",
    pages = "1 - 15",
    year = "2015",
    issn = "0266-352X",
    doi = "https://doi.org/10.1016/j.compgeo.2015.01.001",
    author = "Jui-Sheng *Chou and Kuo-Hsin Yang and Jusieandra Pribadi Pampang and Anh-Duc Pham",
}

@article{chou3,
    author="*Chou, Jui-Sheng
    and Ngo, Ngoc-Tri",
    title="Modified firefly algorithm for multidimensional optimization in structural design problems",
    journal="Structural and Multidisciplinary Optimization",
    year="2017",
    month="Jun",
    day="01",
    volume="55",
    number="6",
    pages="2013--2028",
    issn="1615-1488",
    doi="10.1007/s00158-016-1624-x",
}

@article{chou4,
    author = {*Chou, Jui-Sheng and Ngoc-Tri, Ngo and Pham, Anh-Duc},
    year = {2016},
    month = {01},
    pages = {04015002},
    title = {Shear Strength Prediction in Reinforced Concrete Deep Beams Using Nature-Inspired Metaheuristic Support Vector Regression},
    volume = {30},
    journal = {Journal of Computing in Civil Engineering},
    doi = {10.1061/(ASCE)CP.1943-5487.0000466}
}

@article{chou5,
    author = {*Chou, Jui-Sheng and Pham, Anh-Duc},
    year = {2015},
    month = {09},
    pages = {715–732},
    title = {Smart Artificial Firefly Colony Algorithm-Based Support Vector Regression for Enhanced Forecasting in Civil Engineering},
    volume = {30},
    journal = {Computer-Aided Civil and Infrastructure Engineering},
    doi = {10.1111/mice.12121}
}

@inproceedings{wang2,
    author={G. G. *Wang and S. {Deb} and A. H. {Gandomi} and Z. {Zhang} and A. H. {Alavi}},
    booktitle={2014 International Conference on Soft Computing and Machine Intelligence},
    title={A Novel Cuckoo Search with Chaos Theory and Elitism Scheme},
    year={2014},
    volume={},
    number={},
    pages={64-69},
    doi={10.1109/ISCMI.2014.8},
    ISSN={},
    month={Sep.}
}
