@book{montgomery,
  title={Applied Statistics and Probability for Engineers},
  author={Montgomery, Douglas C. and Runger, George C.},
  year={2003},
  publisher={John Wiley \& Sons}
}

@book{yang,
  title={Nature-Inspired Metaheuristic Algorithms},
  author={Yang, Xin-She},
  year={2010},
  publisher={Luniver Press}
}

@article{yang2,
    author = {Yang, Xin-She},
    year = {2013},
    month = {03},
    pages = {},
    title = {{Efficiency Analysis of Swarm Intelligence and Randomization Techniques}},
    volume = {9},
    journal = {Journal of Computational and Theoretical Nanoscience}
}

@article{fister,
    author = {Fister, Iztok and Yang, Xin-She and Brest, Janez and Fister, Du≈°an and Fister jr, Iztok},
    year = {2015},
    month = {01},
    pages = {36-49},
    title = {Analysis of randomisation methods in swarm intelligence},
    volume = {7},
    journal = {International Journal of Bio-Inspired Computation}
}

@article{mirjalili,
    author = {Mirjalili, Seyedali},
    year = {2016},
    month = {01},
    pages = {},
    title = {SCA: A Sine Cosine Algorithm for Solving Optimization Problems},
    volume = {96},
    journal = {Knowledge-Based Systems},    
    doi = {10.1016/j.knosys.2015.12.022}
}

@inproceedings{brest,
    author={Brest, J. and Zumer, V. and Maucec, M. S.},
    booktitle={2006 IEEE International Conference on Evolutionary Computation},
    title={Self-Adaptive Differential Evolution Algorithm in Constrained Real-Parameter Optimization},
    year={2006},
    volume={},
    number={},
    pages={215-222},
    doi={10.1109/CEC.2006.1688311},
    ISSN={1089-778X},
    month={July}
}

@article{saxena,
    title = "$\beta$-Chaotic map enabled Grey Wolf Optimizer",
    journal = "Applied Soft Computing",
    volume = "75",
    pages = "84 - 105",
    year = "2019",
    issn = "1568-4946",
    doi = "https://doi.org/10.1016/j.asoc.2018.10.044",
    author = "Akash Saxena and Rajesh Kumar and Swagatam Das",
}

@article{jana,
    author = {Jana, Nanda and Sil, Jaya and Das, Swagatam},
    year = {2018},
    month = {10},
    pages = {},
    title = {Continuous fitness landscape analysis using a chaos-based random walk algorithm},
    journal = {Soft Computing},
    doi = {10.1007/s00500-016-2397-2}
}

@article{caponetto,
    author={Caponetto, R. and Fortuna, L. and Fazzino, S. and Xibilia, M. G.},
    journal={IEEE Transactions on Evolutionary Computation},
    title={Chaotic sequences to improve the performance of evolutionary algorithms},
    year={2003},
    volume={7},
    number={3},
    pages={289-304},
    doi={10.1109/TEVC.2003.810069},
    ISSN={1089-778X},
    month={June}
}
